<marcxml:record xmlns:marcxml="http://www.loc.gov/MARC21/slim" xmlns:mets="http://www.loc.gov/METS/" xmlns:bf="http://id.loc.gov/ontologies/bibframe/" xmlns:rdf="http://www.w3.org/1999/02/22-rdf-syntax-ns#" xmlns:madsrdf="http://www.loc.gov/mads/rdf/v1#" xmlns:bflc="http://id.loc.gov/ontologies/bflc/" xmlns:ri="http://id.loc.gov/ontologies/RecordInfo#" xmlns:idx="info:lc/xq-modules/lcindex" xmlns:xlink="http://www.w3.org/1999/xlink" xmlns:xsi="http://www.w3.org/2001/XMLSchema-instance" xmlns:semtriples="http://marklogic.com/semantic" xmlns:streams="info:lc/streams#">
    <marcxml:leader>00632cz  a2200169n  4500</marcxml:leader>
    <marcxml:controlfield tag="001">no2009140126</marcxml:controlfield>
    <marcxml:controlfield tag="003">DLC</marcxml:controlfield>
    <marcxml:controlfield tag="005">20130326064232.0</marcxml:controlfield>
    <marcxml:controlfield tag="008">090903n| azannaabn          |a ana     c</marcxml:controlfield>
    <marcxml:datafield tag="010" ind1=" " ind2=" ">
        <marcxml:subfield code="a">no2009140126</marcxml:subfield>
    </marcxml:datafield>
    <marcxml:datafield tag="035" ind1=" " ind2=" ">
        <marcxml:subfield code="a">(OCoLC)oca08228805</marcxml:subfield>
    </marcxml:datafield>
    <marcxml:datafield tag="040" ind1=" " ind2=" ">
        <marcxml:subfield code="a">PPi-MA</marcxml:subfield>
        <marcxml:subfield code="b">eng</marcxml:subfield>
        <marcxml:subfield code="e">rda</marcxml:subfield>
        <marcxml:subfield code="c">PPi-MA</marcxml:subfield>
        <marcxml:subfield code="d">DLC</marcxml:subfield>
    </marcxml:datafield>
    <marcxml:datafield tag="110" ind1="2" ind2=" ">
        <marcxml:subfield code="a">Doors (Musical group).</marcxml:subfield>
        <marcxml:subfield code="t">Songs.</marcxml:subfield>
        <marcxml:subfield code="k">Selections;</marcxml:subfield>
        <marcxml:subfield code="o">arranged</marcxml:subfield>
    </marcxml:datafield>
    <marcxml:datafield tag="410" ind1="2" ind2=" ">
        <marcxml:subfield code="a">Doors (Musical group).</marcxml:subfield>
        <marcxml:subfield code="t">Doors concerto</marcxml:subfield>
    </marcxml:datafield>
    <marcxml:datafield tag="410" ind1="2" ind2=" ">
        <marcxml:subfield code="w">nnea</marcxml:subfield>
        <marcxml:subfield code="a">Doors (Musical group).</marcxml:subfield>
        <marcxml:subfield code="t">Songs.</marcxml:subfield>
        <marcxml:subfield code="k">Selections;</marcxml:subfield>
        <marcxml:subfield code="o">arr.</marcxml:subfield>
    </marcxml:datafield>
    <marcxml:datafield tag="510" ind1="2" ind2=" ">
        <marcxml:subfield code="a">Doors (Musical group).</marcxml:subfield>
        <marcxml:subfield code="t">Riders on the storm</marcxml:subfield>
    </marcxml:datafield>
    <marcxml:datafield tag="670" ind1=" " ind2=" ">
        <marcxml:subfield code="a">Doors (Musical group). Riders on the storm [SR] p2000:</marcxml:subfield>
        <marcxml:subfield code="b">label (Riders on the storm : the Doors concerto)</marcxml:subfield>
    </marcxml:datafield>
</marcxml:record>
